<?xml version="1.0" encoding="UTF-8"?><collection xmlns="http://www.loc.gov/MARC21/slim"><record><leader>00347nam--2200133-i-4500</leader><controlfield tag="001">000036913</controlfield><controlfield tag="002">20161230</controlfield><controlfield tag="005">20161230201041</controlfield><controlfield tag="008">060222s1000------------r-----000-0-eng-d</controlfield><datafield ind1=" " ind2=" " tag="080"><subfield code="a">57.018.5:57.087.8:57.088.2</subfield></datafield><datafield ind1=" " ind2=" " tag="100"><subfield code="a">Price, C.A</subfield></datafield><datafield ind1=" " ind2=" " tag="245"><subfield code="a">Centrifugation in density gradients</subfield></datafield><datafield ind1=" " ind2=" " tag="260"><subfield code="a">New York, Acad.Press, 1982, Xv + 430p</subfield></datafield><datafield ind1=" " ind2=" " tag="852"><subfield code="a">71383</subfield></datafield></record></collection>